
%[1] Airtec, "User’s Guide," ​ Cypres 2 Manual , ​ Airtec GmbH & Co. KG Safety Systems,0:25, 2009. 2
@misc{airtec,
author={{Airtec GmBH and KG Safety Systems}},
year={2009},
title={Cypres 2 User's Guide},
howpublished={somehow}}

%[2] Cozzens, Tracy “Taking GNSS receiver testing to new heights”, GPS World 2020 Aug.
@article{cozzens2020taking,
author={Cozzens, Tracy},
year={2020},
title={Taking {GNSS} receiver testing to new heights},
journal={GPS World},
volume={?},
pages={?}}

%[3] Sara Mohamed, Vincent Favrod, Roberta Antonini Philippe, and Dennis Hauw, “The Situated Management of Safety during Risky Sport: Learning from Skydivers’ Courses of Experience”, J Sports Sci Med, 2015 May.
@book{mohamedXsituated,
author={Mohamed, Sara and Favrod, Vincent and Philippe, Roberta Antonini and Hauw, Dennis},
year={2015},
title={The situated management of safety during risky sport: learning from skydivers' courses of experience},
journal={J Sports Sci Med},
volume={?},
pages={?}}

%[4] “The tech behind skydiving | skydive orange,” ​ Skydiveorange.com ​ , 11-Oct-2018. [Online]. Available:https://www.skydiveorange.com/2018/10/11/the-tech-behind-skydiving/. [Accessed: 03-Sep-2020].
@misc{skydiveorange2018tech,
author={{Skydiveorange.com}},
year={2018},
title={The tech behind skydiving},
howpublished={\url{https://www.skydiveorange.com/2018/10/11/the-tech-behind-skydiving/}}}

%[5] W. Wibisono, D. N. Arifin, B. A. Pratomo, T. Ahmad, and R. M. Ijtihadie, “Falls Detection and Notification System Using Tri-axial Accelerometer and Gyroscope Sensors of a Smartphone.” 2014 April
@article{wibisono2014falls,
author={Wibisono, W and Arifin, D N and Pratomo, B A and Ahmad, T and Ijithadie, R M},
year={2014},
title={Falls detection and notification system using tri-axial accelerometer and gyroscope sensors of a smartphone},
journal={?},
volume={?},
pages={?}}
